@article{chen:pnas,
    author={Xi Chen and William D Nordhaus},
    title={Using Luminosity Data as a Proxy for Economic Statistics},
    journal={Proceedings of the National Academy of Sciences},
    volume=108,
    number=21,
    pages={8589--8594},
    url={doi://10.1073/pnas.1017031108}
}

@techreport{henderson:nber,
title={Measuring Economic Growth from Outer Space},
author={J Vernon Henderson and Adam Storeygard and David N Weil},
number=15199,
series={NBER Working Papers},
url={http://www.nber.org/papers/w15199}
}



@book{h2R:asa,
title={H2R 2012: Survey Methods for Hard-to-reach Populations Conference Proceedings},
year=2012,
author={{American Statistical Association}},
url={http://www.eventscribe.com/2012/ASAH2R/}
}

@inrproceedings{notused,
title={Community Based Participatory Research among Indigenous {L}ouisiana {N}ative {A}merican
        Tribes and ``{C}ajun's'' Residing in Coastal {T}errebonne {P}arish {L}ouisiana as Related to
        the {D}eepwater {H}orizon Oil Spill},
author={David Lirette},
year=2012,
booktitle={H2R 2012: Survey Methods for Hard-to-reach Populations}
}
